3725 5442
991 744 1132 798 -ro-
1196 712 1200 716 ’

579 924 713 983 nomina
728 921 853 982 Graeca
868 924 944 997 sint,
961 922 1114 999 legitimis
1129 924 1241 981 formis
1257 923 1377 990 tradita
1392 928 1424 981 et
1438 925 1542 998 plera-

579 1054 645 1113 que
667 1038 799 1097 aliunde
820 1044 908 1112 nota,
933 1054 1035 1097 senex
1055 1039 1090 1097 in
1111 1039 1278 1097 nonnullis
1292 1037 1330 1115 (1)
1348 1054 1543 1098 scaenarum

580 1156 685 1213 titulis
706 1154 930 1213 Palatinarum
954 1154 1118 1213 librorum·
1137 1155 1319 1229 appellatus
1343 1161 1394 1213 est
1415 1154 1544 1214 Stalitio

580 1272 635 1328 vol
650 1269 791 1329 Stalicio.
810 1269 903 1345 Quod
918 1286 1037 1329 noman
1051 1286 1093 1327 ex
1108 1270 1247 1328 duorum
1263 1284 1419 1329 versuum
1434 1284 1542 1328 errore

579 1393 688 1445 ortum
703 1402 774 1444 esso
789 1386 899 1443 docuit
913 1386 1157 1444 Studemundus
1168 1383 1218 1462 (²),
1233 1391 1265 1443 et
1278 1400 1393 1444 verum
1407 1401 1425 1443 e
1440 1385 1543 1443 titulis

581 1500 788 1560 Ambrosianl
809 1501 941 1576 palimp.
966 1501 1109 1559 restituit
1130 1499 1178 1577 (³).
1197 1501 1325 1559 Etenim
1346 1500 1380 1558 in
1396 1516 1453 1559 vv.
1470 1501 1542 1559 959-

579 1619 642 1677 960
663 1618 719 1691 qui
740 1618 774 1675 in
796 1616 825 1674 A
846 1618 892 1675 ita
913 1623 1029 1675 extant

621 1733 693 1791 Hae
714 1733 799 1791 dabo
820 1734 983 1808 protinam
1004 1736 1037 1790 ct
1063 1733 1197 1808 fugiam.
1221 1733 1312 1791 Heus
1337 1730 1540 1805 STAILIOO,

582 1854 708 1909 amator

621 1966 647 2023 P
672 1967 759 2023 Heus
785 1966 909 2023 stolicio
930 1966 1039 2039 habet,
1064 1953 1150 2023 undo
1172 1966 1268 2023 facile
1292 1980 1409 2023 nomen
1436 1988 1450 2015 ‹
1472 1963 1544 2024 Sta-

582 2082 655 2139 lt'cio
678 2104 692 2132 s
716 2086 822 2140 ortum
843 2088 903 2154 est,
927 2082 1119 2156 praesertim
1138 2080 1218 2139 ¹cum
1243 2082 1297 2139 liic
1316 2096 1409 2139 error
1428 2083 1543 2140 conflr-

582 2203 690 2256 matus
712 2212 783 2255 osso
805 2212 903 2255 versu
925 2198 983 2255 347
1004 2197 1187 2255 videretur:

622 2312 695 2371 Non
717 2314 777 2388 ego
799 2312 887 2370 istud
909 2312 1046 2370 uerbum
1068 2312 1204 2386 empsim
1226 2312 1399 2371 titibillicio
1414 2310 1466 2388 (tit
1487 2310 1545 2370 tibi

1292 2423 1431 2511 [rtalitio
1452 2427 1500 2504 P).

623 2544 714 2619 Quae
736 2545 845 2602 omnia
866 2560 941 2602 oum
956 2544 1012 2601 dlu
1027 2559 1154 2602 mecum
1169 2545 1345 2603 meditatus
1359 2562 1464 2604 essem
1479 2561 1544 2603 non

581 2660 743 2731 dubitavi,
771 2659 850 2732 quin
875 2659 1006 2734 gemino
1031 2675 1139 2717 errore
1164 2659 1340 2717 Aulularia
1367 2661 1541 2734 laboraret,

582 2790 682 2849 quem
693 2775 822 2832 facilius
834 2775 1093 2848 emendaremus,
1108 2776 1134 2833 si
1145 2776 1245 2833 etiam
1256 2776 1290 2833 in
1301 2775 1330 2833 A
1341 2776 1422 2834 haec
1437 2782 1544 2834 exsta-

584 2897 633 2949 ret
654 2891 775 2949 fabula.
800 2890 863 2949 Sed
885 2891 1041 2965 quoniam
1062 2891 1105 2949 ad
1125 2906 1181 2949 vr.
1198 2890 1258 2949 362
1279 2906 1351 2965 sqq.
1369 2871 1551 2964 sanandae,¹

584 3012 762 3079 antequam
777 3007 820 3065 ad
834 3007 965 3065 solitum
981 3006 1186 3081 quorundam
1200 3007 1438 3084 philologorum
1451 3008 1544 3065 auxi-

582 3122 664 3181 lium
685 3122 913 3197 confugiamus
936 3128 969 3179 et
989 3125 1192 3179 retractatam
1212 3122 1299 3181 hanc
1314 3123 1460 3181 fabulam
1473 3139 1544 3181 esse

583 3236 742 3309 dicamne,
760 3236 870 3311 aliqua
885 3236 1072 3295 coniectura
1092 3238 1277 3296 adhibenda
1298 3244 1357 3312 est,
1374 3238 1420 3296 ita
1442 3242 1546 3297 totum

584 3350 691 3409 locum
714 3352 781 3427 (vr.
804 3350 949 3428 349-370)
966 3353 1008 3410 ad
1022 3354 1110 3411 lrunc
1124 3354 1256 3412 modum
1271 3354 1438 3412 emendari
1452 3369 1545 3427 posse

582 3482 772 3528 censemus:

586 3656 745 3666 -..-----

624 3787 655 3840 (1)
671 3788 715 3829 Ea.
730 3798 766 3837 ar.
782 3785 813 3837 11,
828 3790 852 3828 3:
869 3786 987 3839 S‘ranrrro,
1001 3785 1088 3827 Sasrx.
1104 3785 1202 3827 liutran
1215 3784 1298 3827 cruos.

625 3859 655 3909 (0)
671 3859 720 3899 lim.
735 3859 769 3911 pl.
785 3858 905 3911 (Greisa.
922 3856 1101 3909 1871-li),1r.d.

626 3930 656 3981 (a)
670 3928 706 3971 dl.
720 3928 828 3982 Bursam,
846 3929 930 3981 ilprrsc.
945 3927 990 3981 111,
1007 3931 1045 3971 ³21
1060 3939 1097 3981 sq.
1114 3950 1139 3960 -·
1153 3928 1190 3972 De
1208 3927 1348 3972 nominibus
1362 3943 1375 3968 «
1389 3930 1547 3982 Lampadio»

584 4002 610 4045 et
620 4014 632 4038 «
642 4000 814 4053 Lampadistos
825 4016 846 4054 a,
857 4010 919 4053 arrae
929 3999 955 4042 ln
965 3999 1119 4043 Orsrsnunu
1128 3999 1232 4043 alternis
1241 4003 1379 4053 occurrunt,
1388 3998 1420 4044 oi.
1429 3999 1546 4052 Srunnu„

584 4071 653 4121 ibid.,·
668 4070 759 4124 lason,
774 4072 831 4113 ibid.
