3725 5442
669 1896 712 1963 iio
736 1897 862 1965 duobus
885 1898 1032 1963 souitu

377 2302 380 2309 ’
407 2303 440 2363 Si
458 2304 882 2379 plautinarumfsbulsrum
898 2306 955 2379 qui
976 2312 1109 2365 exstant
1127 2308 1218 2367 libris
1232 2309 1331 2368 iidem

366 2420 535 2494 habemus,
562 2422 597 2477 in
618 2420 818 2481 Aunnnmn
840 2422 1028 2480 invenimus
1050 2429 1084 2482 ot
1107 2424 1275 2499 Megadori
1299 2431 1332 2483 et

366 2536 541 2612 Lyconidis
554 2553 649 2595 servo
660 2536 836 2597 Strobilum
852 2555 970 2598 nomen
983 2556 1064 2599 osse.
1079 2540 1330 2616 Quamobrem,

366 2670 441 2711 oum
462 2654 633 2728 Eunomia,
649 2652 826 2728 Lyconidis
847 2661 954 2715 mator
972 2655 1206 2733 Megadorique
1228 2673 1330 2732 soror,

365 2775 438 2844 post
461 2770 525 2827 viri
550 2770 601 2829 sui
628 2776 765 2829 mortem
790 2770 824 2829 in
850 2772 962 2830 sistris
985 2772 1119 2831 domum
1143 2773 1328 2850 migrasset,

367 2884 480 2944 eodem
494 2901 590 2943 servo
603 2892 676 2960 'quo
693 2887 896 2945 avunculum
909 2886 944 2945 in
959 2885 1086 2946 Graeca
1101 2888 1214 2947 fabula
1228 2888 1332 2963 Lyoo-

365 3000 476 3059 nidom
490 3016 586 3061 usum
601 3018 672 3061 esse
686 3001 914 3061 Franokonius
929 3003 1069 3060 oonieoit
1080 3002 1129 3079 (¹),
1143 3002 1250 3077 Quam
1264 2983 1331 3079 opi-

365 3116 497 3175 nionem
510 3116 576 3175 ism
590 3116 749 3176 refutavit
763 3116 939 3194 Ussingius
954 3117 1009 3195 (²);
1027 3118 1081 3177 oui
1095 3135 1136 3177 ne
1150 3136 1245 3194 posse
1260 3120 1332 3194 qui-

365 3232 440 3289 dem
453 3232 524 3290 flori
545 3238 582 3291 ut
603 3233 731 3292 duabus
753 3234 850 3293 huius
872 3233 1004 3293 fabulae
1018 3235 1166 3309 personis
1180 3235 1268 3295 idem
1288 3236 1332 3295 sit

364 3362 484 3405 nomon
505 3347 645 3421 videtur,
663 3349 752 3422 quod
765 3350 828 3408 hau
843 3350 983 3409 duorum
997 3351 1167 3409 nominum
1181 3352 1332 3411 similitu-

365 3462 442 3521 dino
456 3478 564 3536 nequo
575 3478 665 3521 orror
680 3465 798 3537 aliquis
813 3466 972 3525 ridiculus
986 3483 1093 3541 nequo
1104 3467 1231 3541 turbae,
1244 3474 1282 3525 ut
1295 3469 1331 3525 in

366 3578 599 3652 Munimentum,
614 3580 696 3638 efflei
709 3554 845 3655 possint.
859 3582 1064 3658 Argumenta
1075 3589 1196 3657 autem,
1210 3563 1345 3657 quibus

366 3694 550 3771 Wagnerus
572 3694 609 3773 (³)
632 3698 888 3757 contaminatam
909 3714 981 3756 esse
1002 3699 1089 3756 hano
1110 3697 1255 3769 fabulam
1274 3699 1332 3756 do·
1380 3730 1385 3738 ·

367 3848 525 3858 ὴ*-

406 3942 435 3996 (1)
449 3941 495 3984 nu.
510 3944 602 3993 Attiou,
618 3954 642 3995 p.
657 3942 713 3984 xuv
727 3954 763 3995 q.
801 3928 808 3937 '

404 4014 435 4068 (2)
448 4014 481 4068 ΙΙ,
496 4018 548 4057 274:
564 4014 634 4065 Quod
648 4018 675 4057 ut
688 4014 715 4057 in
729 4014 796 4057 tonui
812 4027 838 4057 ro
857 4014 976 4057 familiari
995 4014 1049 4056 flori
1068 4015 1156 4069 potuit,
1172 4015 1208 4058 ita
1227 4015 1329 4059 divitem

364 4084 486 4129 hominem
502 4089 598 4129 nonest
609 4084 659 4129 veri
670 4084 751 4128 similo
761 4089 811 4127 tam
822 4096 912 4138 pausos
923 4097 1007 4129 servos
1017 4086 1134 4129 habuisse
1145 4090 1170 4129 ut
1180 4087 1246 4130 idem
1255 4097 1331 4129 avun-

364 4157 414 4201 ouli
423 4156 540 4200 atriensis
555 4160 579 4200 et
593 4156 690 4209 nepotis
700 4157 861 4210 pedissequus
872 4159 946 4211 esset,
956 4168 1002 4199 noo
1012 4157 1145 4211 Lyconidis
1157 4168 1241 4201 servus
1252 4157 1329 4199 altum

365 4240 437 4281 quum
452 4229 532 4281 ipsum
547 4227 696 4282 Lyconidem
710 4226 795 4271 horum
809 4227 923 4281 agnoseit
933 4231 976 4271 aut
986 4228 1016 4271 ub
1027 4229 1076 4271 alio
1087 4228 1227 4272 libertatem
1238 4231 1328 4282 sperat.

404 4300 434 4353 (3)
448 4302 484 4341 De
498 4300 580 4341 Plauti
594 4300 686 4349 Aulut,
702 4310 725 4352 p.
741 4302 780 4349 263
795 4299 833 4341 od.
849 4300 932 4342 Aulai.
948 4300 1026 4353 (1901),
1042 4312 1066 4353 p.
1083 4303 1130 4343 1³8.
