3725 5442
985 680 1125 735 „14-

569 866 688 939 tuias,
718 870 749 925 et
777 862 962 939 Pythion,
993 878 1132 936 quorum
1152 863 1265 939 ptimo
1290 862 1413 938 syllaba
1438 864 1531 938 torma

568 982 702 1057 quidem
728 986 787 1039 ost.
813 980 862 1039 Ex
887 995 952 1053 quo
976 978 1116 1039 effioitur
1140 984 1177 1037 ut
1201 977 1235 1037 iu
1263 978 1424 1051 versibus
1448 994 1531 1053 quos

570 1114 670 1173 supra
701 1095 893 1168 memoravi,
923 1094 1078 1171 perfacile
1109 1094 1223 1153 histrio
1254 1094 1413 1153 haereret.
1445 1093 1531 1168 Quin

569 1214 669 1272 etiam
690 1214 724 1271 in
745 1212 864 1285 libello,
882 1227 980 1285 quem
993 1226 1071 1271 mox
1086 1210 1233 1269 editurus
1250 1226 1333 1283 sum,
1350 1226 1531 1284 perpaucos

570 1346 641 1389 esso
662 1328 825 1403 plautinos
855 1342 970 1385 versus
995 1331 1027 1384 et
1052 1325 1120 1384 fere
1145 1342 1256 1384 omnes
1284 1326 1336 1383 vel
1362 1330 1531 1400 corruptos

570 1445 624 1502 vei
645 1449 812 1518 suspectos
826 1442 1055 1501 demonstrabo
1070 1440 1119 1518 (¹),
1136 1442 1304 1517 inquibus
1318 1457 1376 1515 pes
1394 1446 1531 1517 quartus

571 1559 739 1633 dactylum
750 1551 869 1617 habeat
879 1558 1042 1632 prioribus
1050 1557 1328 1632 syllabispaeonis
1338 1557 1435 1633 primi
1443 1555 1531 1633 (m)

567 1674 722 1733 effectum
744 1672 815 1750 (ofr.
839 1691 871 1732 v,
896 1672 979 1750 334).
997 1672 1060 1731 Sed
1080 1679 1118 1732 ut
1136 1674 1170 1733 in
1184 1689 1340 1748 praesens
1354 1673 1531 1749 investiga-

570 1790 692 1849 tionem
712 1806 818 1849 meam
840 1789 927 1847 intra
946 1789 1169 1853 Auuummau
1182 1789 1337 1855 terminos
1350 1793 1529 1860 oodreeam,

570 1906 697 1965 nullum
713 1904 749 1981 (²)
765 1921 897 1963 versum
919 1906 981 1962 hao
1003 1883 1037 1962 in
1057 1905 1170 1965 fabula
1183 1921 1235 1963 me
1249 1906 1431 1979 repperisse
1445 1904 1528 1976 dieo,

571 2022 628 2097 qui
650 2026 766 2095 quarto
788 2022 858 2079 looo
880 2020 1039 2080 eiusmodi
1060 2022 1228 2095 dactylum
1249 2021 1343 2079 nobis
1364 2020 1529 2095 praebeat,

569 2138 634 2196 nisi
656 2138 738 2195 forte
760 2154 792 2193 v.
816 2138 876 2196 490
897 2138 944 2195 ita
965 2138 1072 2213 legere
1094 2138 1274 2197 malumus:

651 2430 789 2489 Dotatae
811 2430 838 2488 si
859 2430 948 2489 istud
969 2430 1019 2488 ius
1042 2428 1242 2504 pauperibu'
1263 2429 1396 2503 ponitur
1416 2428 1453 2506 (³)

569 2724 659 2801 quod
680 2722 811 2781 omnino
832 2723 902 2781 fieri
924 2739 1019 2799 posse
1040 2738 1199 2798 negamus
1221 2721 1269 2799 ().

611 3178 650 3237 In
671 3178 827 3253 plautinis
847 3182 879 3233 et
901 3176 1092 3234 terentianis
1108 3175 1226 3233 fabulis
1241 3176 1454 3234 emendandis
1468 3177 1532 3250 pri-

570 3310 660 3351 mum
682 3292 871 3350 enitendum
887 3307 957 3349 esse
972 3296 1050 3365 puto
1071 3296 1109 3349 ut
1128 3306 1281 3350 numeros
1296 3292 1486 3366 inaequales
1500 3298 1533 3351 et

571 3409 680 3466 varios
701 3407 808 3483 potius
830 3408 986 3465 eiciamus
1008 3422 1108 3481 quam
1128 3406 1334 3479 inducamus,
1351 3408 1439 3482 quod
1452 3408 1532 3467 mihi

571 3523 661 3583 nullo
682 3523 777 3580 modo
798 3523 988 3597 persuaderi
1008 3528 1115 3596 potest
1135 3526 1248 3598 poetas
1269 3523 1436 3582 soaenioos
1460 3540 1532 3581 ver-

571 3703 730 3712 ...ο-,οω--ι

612 3818 642 3869 (1)
658 3815 744 3865 Qnurti
759 3815 828 3869 predis
844 3815 935 3857 sertorii
950 3826 1035 3857 versus
1050 3815 1075 3857 in
1090 3814 1209 3869 plautinis
1223 3814 1314 3857 fabulis
1326 3815 1417 3868 (Reoue
1431 3817 1459 3857 de
1469 3817 1531 3869 plait.

571 3886 656 3939 XXIX,
678 3888 717 3929 aot
736 3889 799 3941 sqq.)
814 3898 842 3929 ao
865 3886 1010 3929 torentiauis
1028 3886 1109 3939 (XXX,
1126 3890 1151 3927 11
1172 3888 1234 3939 sqq.)
1253 3885 1386 3939 diiigenter
1404 3886 1533 3939 perpendit

571 3957 597 3999 0.
612 3957 756 3999 Rananuus.

612 4028 642 4079 (2)
657 4027 744 4071 diferri
754 4040 802 4073 non
813 4031 893 4082 potest
903 4040 926 4071 v.
935 4032 987 4072 348:
998 4029 1089 4072 Hor-dm
1100 4027 1145 4071 tibi
1156 4027 1214 4071 istie
1221 4027 1257 4071 nil
1265 4027 1374 4071 eueniet:
1385 4026 1473 4081 quippo
1482 4028 1532 4080 qui.

612 4098 642 4150 (³)
657 4098 687 4139 H.
702 4110 726 4139 v.
742 4102 823 4142 autom
836 4099 901 4143 hand
921 4103 1002 4144 certae
1017 4099 1131 4148 lectionis
1151 4103 1201 4143 ost:
1216 4100 1303 4141 Dotota
1317 4112 1340 4142 ea
1359 4098 1399 4142 vei
1419 4105 1453 4141 est
1466 4100 1532 4141 istud

573 4170 612 4210 ias
626 4168 693 4211 iibri.
1066 4171 1069 4178 '

612 4240 642 4293 (1)
657 4239 711 4281 t'id.
727 4240 843 4283 tamara.
860 4244 914 4287 Aul.
930 4242 968 4284 ed.
984 4255 1008 4295 p.
1022 4246 1048 4284 30
1064 4253 1099 4296 sq.
1115 4242 1193 4294 (1001).
