3725 5442
781 726 902 781 ..9-

358 912 483 979 tamen,
510 910 651 979 quaest
677 906 867 981 sagacitate,
895 903 1173 964 sensit-Goetzius
1197 906 1324 964 consilii

361 1023 533 1095 rationem,
548 1038 613 1095 qua
628 1026 823 1079 retractator
836 1022 871 1079 in
884 1022 1057 1095 Pythodici
1071 1022 1202 1079 nomine
1216 1034 1324 1079 emen·

358 1138 471 1195 dando
486 1152 565 1195 usus
580 1138 632 1211 sit,
649 1152 715 1195 non
730 1150 898 1211 apparere.
916 1135 989 1211 Qua
1003 1138 1206 1195 dubitatione
1220 1138 1325 1196 detor

362 1253 444 1311 ritus
459 1269 566 1327 neque
577 1254 612 1311 in
626 1269 687 1311 sua
701 1252 923 1313 Annuntnmn
938 1252 1078 1311 editione
1090 1252 1323 1328 (uncconxxxr)

362 1382 469 1443 neque
490 1370 523 1427 in
545 1385 585 1427 ea
606 1385 716 1444 quarn,
740 1367 899 1427 Schoellio
921 1369 1008 1427 socio
1030 1369 1213 1442 adsumpto,
1237 1384 1325 1427 annu

362 1476 556 1544 unocoxcm'
567 1482 688 1560 (neuin)
704 1484 821 1557 emisit,
839 1484 1020 1558 quidquam
1034 1484 1075 1541 dc
1089 1484 1246 1542 librorum
1259 1485 1323 1541 lec-

361 1600 506 1658 tionibus
528 1601 570 1657 ad
591 1600 653 1657 hoc
667 1599 906 1674 pertinentibus
926 1599 1078 1657 mutavit.
1095 1598 1272 1656 Dziatzkus
1287 1597 1324 1675 (¹)

363 1720 473 1773 autem
494 1731 552 1789 pro
568 1714 703 1773 Strobilo
719 1714 753 1772 in
770 1730 801 1771 v.
819 1714 887 1787 264,
905 1715 975 1787 334,
999 1714 1069 1787 351,
1086 1715 1146 1771 354
1166 1714 1325 1772 audacius

360 1830 627 1887 substituendum
649 1845 720 1887 esse
740 1829 951 1905 Pythodicum
973 1830 1088 1887 statuit
1108 1829 1245 1902 eiusque
1259 1830 1325 1903 opi·

364 1946 495 2003 nionem
522 1944 587 2003 Leo
613 1944 650 2021 (²)
676 1946 834 2020 sequitur,
865 1960 941 2003 curn
968 1945 1165 2019 Lindsayus,
1195 1946 1325 2003 nomine

363 2060 538 2135 Lyconidis
563 2076 658 2119 servo
683 2062 812 2134 omisso,
836 2077 894 2135 pro
915 2062 1085 2137 Pythodice
1109 2067 1186 2119 autc
1210 2076 1242 2118 v.
1267 2062 1326 2119 263

362 2176 540 2237 Strobilum
568 2176 793 2235 dubitanter
818 2182 956 2251 reponat
981 2176 1030 2253 (³).
1058 2177 1150 2251 Quae
1176 2192 1252 2235 cum
1279 2177 1327 2234 ita

364 2294 441 2365 sint,
457 2292 575 2367 paucis
593 2293 626 2350 in
647 2294 760 2366 primis
782 2294 822 2351 de
844 2292 969 2351 Goetzii
990 2294 1153 2351 sententia
1167 2293 1326 2351 disserere

363 2414 464 2481 atque
486 2408 726 2466 retractationis
741 2424 825 2483 quae
840 2410 910 2483 ipse
924 2409 1054 2481 viderit,
1071 2414 1201 2483 praeter
1218 2422 1327 2466 servo-

367 2538 441 2583 rum
471 2524 640 2583 nominum
667 2525 956 2598 perturbationem,
987 2525 1128 2601 vestigia
1155 2524 1328 2600 diligenter

361 2641 565 2715 perpendere
586 2642 748 2699 volumus.

405 3218 522 3276 Plauto
534 3223 671 3291 mortuo,
685 3217 850 3292 plautinus
862 3218 991 3276 fabulas
1003 3224 1134 3277 centum
1146 3219 1213 3278 fere
1225 3234 1328 3277 annos

364 3333 590 3407 histrionibus,
608 3334 664 3407 qui
680 3334 722 3392 ad
737 3334 908 3392 arbitrium
923 3350 1020 3392 suum
1033 3334 1267 3408 libidinemque
1280 3351 1329 3392 re-

365 3448 594 3521 tractaverint,
618 3448 777 3507 obnoxias
799 3450 900 3508 fuisse
922 3454 1059 3509 constat.
1085 3449 1175 3525 Quae
1197 3449 1330 3524 quidem

365 3563 562 3621 histrionum
586 3564 785 3637 exemplaria
811 3580 885 3622 cum
914 3564 1056 3638 denique
1079 3564 1114 3621 in
1142 3565 1330 3639 grammati·

363 3695 480 3737 corum
508 3679 790 3754 litteratorumque
815 3681 983 3738 hominum
1007 3695 1125 3738 manus
1149 3681 1328 3754 venissent,

366 3794 565 3870 quingentos
588 3796 655 3854 fere
677 3812 780 3854 annos
802 3796 955 3870 deinceps
977 3812 997 3853 a
1018 3796 1134 3854 scribis
1148 3795 1209 3883 'vel
1223 3812 1330 3854 emen-

363 3910 546 3985 datoribuS,
569 3912 713 3985 plautini
728 3912 854 3970 numeri
869 3917 902 3969 et
917 3911 1075 3969 sermonis
1089 3911 1225 3970 rudibus
1239 3911 1331 3988 igna-

365 4054 524 4062 own—..-

407 4142 437 4192 il)
452 4140 540 4182 Rbein.
555 4142 629 4190 dtus..
645 4138 763 4190 xxxvii,
778 4142 817 4181 266
831 4150 868 4191 sq.

408 4212 438 4263 (2)
453 4211 472 4264 1,
489 4215 539 4254 103:
554 4211 586 4253 ad
600 4222 623 4253 v.
639 4215 686 4253 tto.

408 4284 438 4352 (a)
453 4283 476 4334 Ι;
492 4282 523 4325 ad
537 4294 577 4324 vv.
592 4288 632 4325 ³63
647 4286 671 4325 ct
685 4286 732 4325 tat.
