3725 5442
770 726 910 781 -19-

358 906 417 964 361
431 910 549 963 etcum
560 922 616 963 vv.
630 905 764 964 364370
774 906 972 965 cohaereant
981 922 1048 965 non
1058 920 1139 980 opus
1151 911 1201 964 cst
1211 904 1322 964 multis

358 1020 563 1097 argumentis
584 1020 714 1079 docere·
728 1020 809 1081 Cum
830 1021 917 1080 enim
938 1020 1106 1097 Staphyla,
1123 1037 1190 1096 qua
1207 1026 1258 1081 est
1277 1020 1322 1080 io

361 1136 537 1211 quacitate,
547 1136 669 1195 diutius
682 1152 755 1195 cum
770 1136 944 1211 Cortynium
955 1138 1140 1210 altercctur,
1150 1135 1320 1209 Strobilos,

361 1251 418 1326 qui
429 1252 560 1311 domum
572 1251 678 1309 redire
689 1251 832 1325 festinet,
843 1268 915 1311 eam
927 1252 1113 1327 interpellat
1124 1252 1323 1326 minimeque

360 1370 547 1442 protervam
558 1382 629 1424 esse
638 1366 674 1440 (fl
684 1366 865 1441 obsequens)
875 1372 995 1425 monet.
1005 1366 1096 1442 Quos
1104 1383 1179 1426 cum
1190 1367 1320 1440 itasint,

361 1482 446 1556 quis,
473 1484 580 1539 corate
605 1482 639 1538 in
663 1482 778 1539 canobo
803 1483 986 1557 emendato,
1010 1481 1170 1541 &acuam
1193 1488 1322 1541 sextam

362 1614 465 1671 usquc
477 1598 520 1655 ad
532 1613 563 1655 v.
574 1598 634 1656 370
644 1598 901 1657 continuandam
909 1596 946 1674 (¹)
958 1604 991 1656 et
1002 1598 1137 1657 Strobilo
1148 1598 1250 1656 verba
1258 1598 1323 1673 Eyo

360 1714 554 1771 iowruiaom
576 1746 612 1755 -—
633 1714 670 1770 io
690 1714 820 1771 cedibus
843 1714 1017 1773 tribuenda
1037 1730 1108 1772 essc
1129 1712 1323 1789 negaverit?

367 2096 369 2101 ·
400 2060 513 2118 Restat
527 2066 637 2119 tamen
652 2060 743 2117 uide
758 2059 891 2117 alterius
907 2056 1037 2117 Strobili
1051 2061 1182 2119 nornine
1197 2061 1322 2135 aliquid

362 2176 596 2252 excogitemus.
613 2174 686 2248 Qua
701 2176 832 2249 quidem
847 2176 881 2233 in
896 2191 931 2233 rc
946 2175 1058 2248 aliqua
1072 2193 1114 2234 cx
1129 2182 1222 2250 parte
1232 2182 1324 2235 ⁴recte

362 2290 552 2366 Ussingium
575 2288 611 2366 (Ξ)
634 2295 666 2349 ct
692 2290 880 2348 Brotonium
905 2290 1027 2348 vidisse
1051 2308 1168 2349 censeo
1190 2290 1239 2367 (³).
1262 2291 1325 2351 Hic

360 2407 449 2465 enim
471 2422 546 2465 cum
561 2406 711 2480 quotiens
732 2406 768 2463 in
789 2406 939 2463 versibus
952 2406 1032 2480 ipsis
1046 2406 1222 2480 Lyconidis
1237 2408 1324 2465 servi

363 2537 479 2581 nomen
509 2526 664 2593 exstaret,
693 2522 810 2579 totiens
835 2527 1025 2595 corruptum
1049 2522 1148 2581 libros
1173 2524 1267 2581 nobis
1290 2524 1325 2581 id

363 2638 530 2711 praebere,
558 2638 780 2711 conspexisset
806 2635 854 2713 (¹),
882 2638 945 2695 hoc
968 2653 1033 2695 non
1058 2639 1197 2697 alterum
1217 2655 1325 2697 cinen-

363 2753 509 2811 dandum
535 2768 605 2811 esse
631 2752 847 2810 confirmavit.
871 2752 1062 2827 Ussingium
1084 2759 1117 2810 ct
1137 2754 1326 2813 Brctcnium

364 2869 464 2945 igitur
485 2869 624 2927 libenter
648 2875 780 2927 secutus
801 2868 897 2926 huius
923 2868 1011 2925 servi
1036 2884 1155 2926 nomen
1177 2869 1326 2942 quaesivi

364 3001 430 3043 non
458 2984 612 3043 similium
637 2984 818 3041 litterarum
844 2982 951 3041 solum
975 2984 1032 3075 scri
1056 2984 1156 3041 ctiam
1180 2984 1325 3043 ciusdem

337 3150 338 3153 ,
365 3114 547 3157 mensurae.
560 3098 698 3157 Difficile
714 3098 846 3172 quidem
861 3115 913 3157 res
925 3104 984 3173 est,
998 3100 1057 3157 sed
1073 3122 1087 3151 ‹
1098 3099 1320 3159 Sumnnuos»

364 3216 564 3283 hocnomen
586 3231 656 3273 csse
678 3230 772 3289 posse
794 3215 951 3289 suspicor.
970 3214 1064 3289 Quod
1085 3215 1113 3273 si
1134 3216 1325 3275 omniafere

362 3346 577 3406 vpersonarum
604 3332 737 3394 nomina
766 3332 854 3406 apud
881 3333 1035 3391 Plautum
1062 3338 1095 3390 et
1121 3339 1247 3391 ceteros
1274 3348 1327 3391 oo-

365 3448 565 3527 mcediarum
587 3448 771 3521 scriptores,
796 3454 835 3505 et·
849 3446 991 3507 Graecos
1006 3453 1039 3505 et
1053 3448 1195 3522 Latinos,
1213 3466 1326 3508 carum

364 3564 418 3621 vel
439 3564 577 3635 naturis
595 3564 648 3620 vol
667 3563 821 3635 moribus,
839 3565 892 3621 vel
907 3563 1032 3636 officiis,
1049 3564 1102 3621 vel
1116 3564 1264 3638 partibus
1279 3581 1326 3622 rc-

367 3706 524 3715 -ι-,ι-κ

406 3784 435 3835 (1)
449 3783 486 3825 Dc
501 3782 617 3825 libroruin
632 3783 755 3826 erroribus
768 3783 794 3825 in
808 3783 903 3826 scaenis
915 3782 1090 3826 distribuendis
1101 3782 1145 3825 cir.
1157 3783 1240 3825 Linos.
1251 3785 1279 3824 A.
1290 3783 1326 3825 ede.

364 3862 388 3909 p.
404 3858 430 3896 88
445 3864 498 3906 sqq.

406 3926 436 3978 (ἵ)
451 3924 498 3967 Gir.
514 3938 537 3978 p.
554 3930 573 3968 8.

405 3998 436 4049 (ii)
451 3996 477 4039 Ρ.
494 3996 528 4038 Lu
543 3996 648 4049 Bouron,
667 3998 781 4050 rolqoea
796 3998 958 4039 obcoirroiions
972 4010 1016 4037 sm·
1030 3997 1180 4037 l’Auiniorio
1194 3998 1222 4038 dc
1234 3998 1326 4047 macte,

364 4079 389 4121 p.
405 4072 438 4110 ιι.

406 4139 436 4191 (4)
451 4138 479 4181 V.
495 4142 533 4181 uti
550 4140 680 4180 Sti-olidum
694 4138 728 4188 E:
743 4140 782 4180 sot
792 4139 891 4181 circium
901 4138 938 4191 (bo
953 4150 972 4180 s.
984 4140 1049 4181 olm.
1059 4139 1080 4191 2>
1094 4138 1128 4188 133
1144 4141 1242 4182 scrotum
1257 4139 1291 4190 Ε;
1302 4140 1327 4183 in

367 4222 390 4252 v.
405 4212 445 4252 ⁸12
459 4212 581 4252 strobiiirm
598 4210 663 4253 male
679 4210 787 4253 additum
805 4220 858 4253 csso
875 4210 936 4263 (BD)
952 4210 1034 4253 docuit
1051 4210 1150 4253 Brixiae
1165 4212 1235 4262 (Neo.
1250 4212 1326 4260 Jove..

365 4280 426 4335 XGI,
441 4285 484 4335 58).
