3725 5442
747 734 885 788 ..15-

334 932 391 973 sus
412 914 539 987 fecisse,
564 930 645 987 quos
669 920 801 988 propter
822 915 954 973 crebras
977 930 1188 974 numerorum
1209 916 1298 975 inae-

335 1030 545 1105 quabilitates
566 1036 599 1088 et
617 1035 817 1104 spectatores
831 1046 929 1107 aegre
944 1030 1079 1088 auribus
1092 1031 1299 1105 perciperent

335 1150 368 1203 et
395 1146 569 1205 histriones
593 1145 682 1203 haud
708 1146 803 1203 facile
828 1146 1004 1203 memoriae
1029 1146 1224 1203 mandarent
1245 1146 1294 1223 ().

335 1261 417 1320 Tum
439 1262 545 1337 magis
559 1261 743 1320 curandum
757 1267 807 1319 est
821 1268 857 1319 ut
873 1266 997 1336 aperta,
1014 1262 1197 1335 perspicua,
1213 1262 1297 1319 dilu-

335 1377 409 1437 cida
420 1378 486 1435 sint
497 1377 638 1435 etverba
650 1382 682 1435 et
693 1377 884 1435 sententiae.
896 1376 990 1451 Quod
1001 1376 1297 1452 sanePptlsodieom

334 1510 392 1568 pro
408 1493 543 1553 Strobilo
564 1509 724 1567 reponens
738 1494 931 1567 neutiquam
946 1498 1140 1551 consecutus
1155 1499 1205 1550 est
1219 1492 1295 1551 Leo.

335 1606 455 1667 Contra
470 1608 556 1667 enim
574 1608 655 1667 illud
681 1630 695 1659 ‹
716 1614 852 1666 curate
876 1631 889 1661 2
907 1625 940 1667 v.
958 1608 1297 1683 363‚v01Pyuudtoe,

335 1724 388 1781 vel
409 1723 546 1783 Strobilo
570 1724 738 1797 tributum,
763 1724 877 1782 eadem
903 1739 988 1797 quae
1013 1722 1165 1782 Goetzius
1189 1724 1298 1781 dicere

335 1855 507 1914 possumus
530 1838 578 1915 ().
597 1840 698 1913 Atqui
719 1844 930 1897 retractatam
952 1855 1023 1896 esse
1044 1839 1130 1895 hanc
1152 1838 1298 1896 fabulam

335 1952 408 2013 aliis
429 1955 631 2031 argumentis
653 1954 839 2013 confirmari
859 1970 923 2011 non
938 1970 1033 2029 posse
1047 1954 1227 2011 docuimus.
1246 1953 1298 2011 Ita

335 2086 407 2129 meo
429 2070 562 2144 quidem
576 2070 696 2129 iudicio
711 2086 844 2128 necesse
859 2070 895 2127 fit
916 2075 963 2142 ut,
981 2074 1158 2143 antequam
1174 2066 1298 2127 Goctzii

336 2186 532 2245 sententiam
557 2186 814 2260 comprobemus
842 2185 1052 2259 experiamur
1076 2184 1103 2241 si
1129 2184 1224 2243 alitor
1247 2185 1301 2243 his

335 2302 582 2360 difficultatibus
603 2302 726 2359 mederi
746 2300 919 2375 possimus,

375 2416 456 2492 Quis
481 2423 530 2475 est
551 2424 618 2475 tam
639 2417 861 2491 plautinarum
883 2432 992 2473 rerum
1017 2417 1108 2474 rudis
1130 2418 1186 2489 qui
1208 2417 1299 2492 igno-

335 2538 385 2590 ret
400 2530 448 2609 (³)‚
466 2539 546 2607 quot
567 2539 599 2589 et
620 2533 734 2606 quales
755 2548 970 2607 personarum
992 2532 1125 2589 nomina
1140 2532 1175 2589 in
1190 2530 1299 2589 Plauti

329 2648 427 2707 ,libris
448 2649 635 2725 peregerint
655 2646 767 2707 vices?
787 2648 831 2705 At
852 2664 911 2724 ego
934 2649 976 2706 ab
998 2648 1156 2706 eiusmodi
1177 2662 1298 2721 errore,

335 2764 542 2823 Ambrosiani
556 2765 688 2839 palimp.
703 2780 763 2838 ope
774 2764 808 2821 in
820 2763 943 2823 Osanna
958 2764 1097 2837 sublato,
1111 2764 1299 2837 exemplum

337 2896 473 2939 sumam.
492 2879 573 2939 Cum
595 2881 681 2939 enim
703 2880 800 2937 huius
816 2879 948 2937 fabulae
962 2884 1071 2937 cetera
1085 2894 1299 2952 personarum

335 3050 494 3059 ———

374 3155 404 3207 (1)
419 3154 456 3196 Ad
473 3153 518 3196 has
538 3154 637 3196 mlnlme
652 3154 775 3207 pertinent
793 3150 983 3206 inaequalitates
1003 3152 1070 3206 illae,
1086 3164 1148 3205 quae
1163 3164 1193 3195 ex
1207 3152 1299 3195 litteris

331 3224 359 3283 Ι111
374 3225 515 3279 quotidiano
530 3236 641 3269 sermone
656 3224 828 3277 neglegentius
842 3224 979 3267 obscuratis
989 3228 1032 3266 aut
1041 3224 1114 3267 valde
1124 3223 1235 3267 dilatatls
1245 3235 1299 3277 pro·

334 3296 483 3339 tloiseantur.
500 3296 568 3346 Quae
587 3295 777 3348 inaequalitates
797 3296 866 3349 ipsae
881 3295 980 3348 quidem
998 3294 1068 3348 leges
1087 3295 1172 3337 firmae
1186 3295 1299 3338 stablles·

328 3372 459 3421 quaeunt.

374 3442 404 3494 12)
418 3440 446 3482 In
461 3439 568 3483 remedio
578 3438 682 3481 adhunc
695 3438 863 3481 difficultatem
873 3449 888 3480 a
898 3438 1037 3479 Missurum
1047 3438 1142 3491 qucslto
1153 3440 1186 3491 (p.
1198 3442 1231 3481 10:
1242 3439 1299 3479 Arn-

334 3511 457 3555 mettendo
472 3509 516 3553 else
532 3514 617 3563 questo
632 3521 702 3552 servo
718 3510 756 3552 sla
770 3510 793 3552 lo
813 3514 891 3552 stesso
912 3509 977 3551 della
993 3520 1068 3553 scena
1081 3509 1235 3562 precedente,
1250 3521 1298 3551 non

334 3580 501 3625 successario
517 3592 633 3634 supporre
648 3580 692 3623 che
712 3590 766 3623 esso
787 3581 842 3623 dica
860 3581 972 3623 Curate...
992 3580 1099 3623 ostendo
1118 3580 1185 3622 dalla
1199 3590 1258 3622 casa
1273 3580 1297 3621 dl

334 3653 462 3705 Euclione,
476 3652 501 3695 al
516 3652 560 3695 che
576 3652 681 3694 davrero
692 3651 894 3694 contraddlrebbc
905 3651 922 3692 11
933 3662 957 3692 v.
972 3654 1019 3704 161,
1030 3662 1098 3693 como
1109 3654 1167 3693 nota
1180 3650 1197 3692 ll
1214 3651 1298 3702 (loeta,

334 3735 374 3767 ma
388 3724 460 3767 basta
475 3735 591 3777 supporre
606 3722 650 3766 che
666 3723 714 3776 egli
731 3722 795 3775 gridi
814 3724 927 3765 Curate...
943 3722 1010 3764 dalla
1026 3733 1100 3765 scena
1114 3734 1130 3764 a
1144 3722 1231 3764 Statlla
1245 3733 1259 3765 e
1272 3721 1297 3765 ai

335 3794 421 3839 enochi
436 3794 480 3837 che
497 3798 598 3838 entrano
613 3794 638 3837 in
654 3806 711 3837 casa
725 3794 750 3835 dl
765 3794 891 3847 Eraclione‚
907 3805 919 3836 e
935 3794 972 3846 poi
988 3794 1010 3835 sl
1024 3794 1099 3845 volga
1109 3804 1152 3846 per
1165 3798 1262 3836 entrare
1272 3793 1298 3835 in

278 3911 282 3919 ,
334 3877 393 3909 casa
407 3866 446 3909 del
461 3866 568 3919 padrone
582 3866 724 3919 Megadoro)
743 3865 843 3907 minime
858 3865 1014 3918 acquiescere
1028 3876 1128 3918 possum
1142 3868 1167 3907 et
1182 3864 1245 3917 quod
1260 3876 1299 3907 su·

334 3948 511 3990 pervecaneum
522 3940 595 3990 atque
607 3936 694 3979 inutile
709 3940 775 3979 esset
785 3936 930 3979 vocabulum
942 3952 953 3974 11
963 3943 1035 3977 cetra
1042 3942 1068 3978 te
1078 3950 1090 3974 »
1100 3940 1125 3979 et
1136 3936 1198 3988 quod
1208 3935 1297 3977 1111111111

334 4011 372 4051 111
382 4012 432 4051 tum
443 4008 569 4061 Megadorl
580 4019 676 4051 servum
687 4022 699 4045 «
710 4011 792 4049 curate
802 4022 815 4046 »
826 4008 986 4060 exclamasse,
997 4018 1051 4049 cum
1062 4008 1177 4060 Staphyla
1187 4009 1211 4049 et
1225 4006 1298 4059 coqui

334 4079 461 4123 Euclionis
476 4080 573 4121 domum
587 4078 781 4133 ingrederentur.

375 4152 405 4204 (t)
419 4151 455 4193 De
470 4149 516 4193 ltac
527 4160 561 4204 re,
572 4161 620 4203 qua
634 4160 678 4192 sua
688 4152 725 4192 est
736 4148 855 4202 doctrina,
866 4149 1004 4201 nuperrime
1014 4149 1152 4192 Lmnsaros
1162 4149 1299 4202 disputavit

334 4223 494 4275 (anatemati.
514 4234 538 4275 p.
558 4226 584 4265 88
604 4224 666 4273 sqq.)
681 4243 706 4251 -
721 4220 782 4263 Vide
802 4220 876 4263 etiam
894 4232 956 4272 quae
973 4222 1134 4262 Pnsscorrrus
1153 4221 1253 4274 scripsit
1271 4221 1297 4263 in

335 4295 446 4336 Harvoro
462 4294 564 4343 studies,
580 4290 620 4347 1x,
637 4295 674 4335 102
690 4303 742 4344 sqq.
