3725 5442
464 1112 706 1175 STROBILUS.
730 1112 966 1174 STAPHYLA.
989 1114 1189 1176 CONGRIO.

347 1346 414 1407 Str.
439 1347 541 1419 Heus,
565 1344 733 1421 Staphyla,
756 1348 849 1421 prodi
871 1353 971 1423 atque
992 1349 1112 1407 ostium
1133 1348 1233 1425 aperi.

968 1461 1048 1542 [Sta.
1073 1464 1136 1541 Qui
1157 1464 1274 1525 uocat?

347 1580 414 1645 Str.
439 1580 609 1639 Strobilus.
632 1578 699 1639 Sta.
725 1580 810 1655 Quid
831 1580 904 1641 uis?
925 1580 989 1650 Str.
1016 1581 1084 1641 Hos
1108 1582 1314 1656 ntsccipias

305 1682 308 1687 ’
386 1674 388 1678 ’
1140 1694 1274 1777 [coquos

432 1811 665 1887 tibicinamque
686 1813 922 1895 opsoniumque
944 1814 979 1872 in
999 1815 1141 1888 nupt-ias.

432 1927 627 2003 Megadorus
649 1926 744 1985 iussit
765 1916 912 1985 Euclioni
933 1929 1016 1987 haec
1036 1929 1175 1988 mittere.
1220 1960 1222 1963 ⁴

347 2044 418 2103 sta.
442 2040 585 2115 Gerenia,
609 2039 757 2116 Stmbile,
783 2043 843 2101 has
864 2049 941 2101 sunt
962 2044 1082 2103 facturi
1102 2043 1257 2121 nuptias?

347 2158 415 2217 Str.
439 2157 523 2233 Qui?
547 2156 615 2215 Sta.
639 2157 723 2233 Quia
748 2159 858 2217 temeti
882 2160 964 2217 nihil
986 2160 1122 2219 allatum
1146 2161 1310 2237 intellego.

347 2274 416 2334 Str.
440 2274 483 2335 At
504 2276 570 2333 iam
591 2275 768 2348 adteretur,
794 2275 821 2332 si
843 2292 862 2333 a
884 2275 954 2333 foro
974 2276 1065 2350 ipsus
1089 2277 1232 2336 redierit.

347 2390 419 2451 sta.
436 2389 541 2467 Ligna
556 2390 708 2465 llicapud
722 2392 883 2449 nosnullo.
898 2397 985 2451 sunt.
1000 2391 1059 2451 Co.
1073 2392 1156 2453 Sunt
1168 2392 1315 2453 asseres?

348 2506 421 2583 Sta.
442 2504 525 2565 Sunt
538 2508 602 2581 pol.
620 2506 679 2565 Co.
696 2506 778 2567 Sunt
793 2508 1005 2584 igiturligna,
1019 2524 1213 2583 nequamus
1225 2509 1313 2567 ferie.

348 2621 421 2681 Sta.
445 2621 542 2697 Quid,
566 2620 740 2697 inpurate?
762 2622 970 2697 Quamquam
991 2623 1136 2683 Volcano
1156 2625 1280 2698 studes,

405 2806 407 2811 ,
434 2752 578 2796 cenaene
599 2754 718 2797 caussa
739 2744 796 2797 aut
818 2744 894 2797 tuae
915 2741 1075 2799 mercedis
1095 2741 1203 2816 gratia

435 2870 494 2913 nos
516 2860 646 2913 nostras
667 2854 757 2913 aedis
778 2856 925 2929 postulas
947 2856 1157 2915 comburere?

349 2971 423 3029 362.
448 2969 505 3029 Co.
530 2969 606 3029 Hau
627 2972 765 3043 pistule.
789 2970 852 3027 Str.
870 2970 943 3029 Duc
957 2972 1154 3031 istos-intre.
1170 2973 1215 3031 iu
1234 2974 1315 3032 ‹ibae-

391 3138 392 3143 .
916 3150 920 3155 -
1093 3082 1221 3171 [quem.
1238 3101 1299 3141 -ν

350 3202 424 3261 363.
448 3201 515 3260 Sta.
543 3200 677 3270 Caerulo,
702 3202 764 3261 Str.
791 3203 857 3280 llgo
879 3204 1071 3270 intercisum
1093 3205 1173 3279 quid
1194 3205 1319 3265 faciant

997 3386 1000 3391 .
1149 3318 1275 3399 [coque
1362 3353 1365 3358 f

448 3450 530 3509 quos
544 3434 598 3508 pel
612 3440 648 3493 ut
662 3451 723 3511 ego
739 3435 832 3493 hodie
847 3452 976 3495 semem
990 3453 1070 3495 cum
1084 3454 1242 3497 maxuma
1255 3444 1315 3498 est.

397 3592 400 3596 -
448 3550 516 3609 Nisi
529 3550 837 3624 unumhocfceiam‚
848 3552 1316 3627 ntinputeocenamceqnant:

449 3666 517 3725 ind'
534 3671 660 3725 coctam
683 3683 796 3725 susum
818 3666 1038 3727 subducemus
1059 3669 1210 3729 corbulia.

448 3780 481 3841 Si
503 3783 565 3857 ipsi
587 3788 697 3847 entem
718 3784 870 3842 deorsum
892 3784 1063 3842 comedent
1084 3784 1112 3841 si
1133 3784 1213 3857 qnid

1000 3894 1173 3979 [coxerint

448 4015 558 4089 superi
580 4016 723 4073 incenati
745 4022 821 4073 sunt
843 4024 874 4073 ct
896 4019 1004 4075 ccnuti
1025 4016 1133 4075 inferi.
1194 4086 1197 4090 ¹

449 4130 513 4189 Sed
534 4132 636 4189 uerba
658 4132 711 4189 llic
733 4132 829 4205 fecie,
853 4134 948 4205 quasi
970 4134 1079 4208 negoti
1102 4134 1147 4191 nil
1170 4134 1241 4206 sict,

449 4248 679 4325 iepacidnuum
701 4234 760 4307 ubi
779 4228 906 4307 tentum
928 4250 990 4309 sict
1009 4250 1045 4310 in
1066 4249 1212 4317 aedibus.
1296 4312 1300 4317 ,
