3725 5442
971 719 1110 773 ‚22-

558 904 674 957 eontra
702 898 875 973 scriptores
901 899 955 959 isti
980 916 1055 958 eum
1080 901 1211 975 saepius
1234 888 1394 987 supersim
1422 920 1523 977 quam

559 1022 681 1075 voeant
705 1016 892 1089 adhibeant,
920 1020 1030 1075 tamen
1055 1014 1191 1089 ὑπόταξιν
1215 1018 1373 1092 potiorem
1401 1020 1522 1078 babere

560 1131 725 1204 videntur,
743 1132 832 1189 baud
846 1132 945 1190 dubie
959 1133 1152 1207 populorum
1167 1132 1353 1193 Italicorum
1369 1133 1406 1211 (¹)
1422 1136 1522 1209 quod-

558 1248 636 1306 dam
652 1248 795 1307 studium
817 1248 860 1305 ad
881 1249 1088 1310 enuntiatum
1104 1250 1274 1308 enuntiato
1295 1251 1522 1309 subiciendum

559 1380 758 1439 propensum
773 1364 887 1423 seouti
905 1362 977 1437 Qua
992 1364 1125 1438 quidem
1139 1366 1265 1423 ratione
1280 1373 1312 1423 et
1326 1382 1426 1425 eausa
1448 1382 1522 1425 oum

561 1479 630 1553 ipse
654 1480 800 1553 Plautus
818 1480 989 1555 quiquam
1010 1480 1153 1539 maxime
1174 1496 1254 1540 suae
1270 1482 1387 1539 aetatis
1408 1481 1522 1540 Rorna-

561 1610 678 1653 norum
699 1594 898 1653 eotidianum
920 1612 1102 1655 sermonem
1123 1596 1217 1655 nobis
1238 1597 1381 1671 exhibet,
1398 1594 1523 1661 ὑποτακ-

560 1715 647 1781 τικῶς
674 1710 844 1783 loquentes
871 1711 1000 1786 saepius
1029 1711 1270 1770 comoediarum
1294 1728 1451 1786 personas
1474 1712 1524 1770 in-

561 1826 666 1899 duxit,
685 1831 754 1887 tum
775 1827 891 1887 aetatis
914 1843 1033 1885 aureae
1054 1828 1228 1901 seriptores
1249 1833 1318 1886 tam
1336 1814 1449 1887 erebro
1470 1845 1523 1887 su-

560 1942 730 2017 bjunctivo
752 1939 846 2001 modo
861 1943 912 2000 usi
934 1948 1021 2015 sunt,
1046 1949 1081 2000 nt
1095 1942 1290 2018 posteriores
1303 1944 1520 2019 grammatiei,

560 2058 619 2133 qui
634 2035 736 2117 'buius
759 2063 943 2117 structurae
956 2058 1025 2117 virn
1038 2075 1103 2116 nou
1119 2059 1358 2135 intellegerent,
1376 2060 1447 2118 illos
1462 2060 1523 2119 boo
1586 2113 1588 2116 ,

562 2178 696 2231 ornatus
711 2189 811 2231 eausa
830 2178 958 2232 tuntum
973 2173 1088 2231 fecisse
1110 2173 1345 2232 affirmaverint
1360 2173 1409 2250 (²).
1426 2175 1522 2249 Equi-

562 2288 636 2347 dem
660 2288 879 2347 Romanorum
906 2290 1104 2365 gravitatem
1129 2295 1161 2349 et
1185 2294 1339 2348 naturam
1363 2291 1461 2349 etiam
1488 2292 1523 2348 in

561 2404 751 2480 quotidiano
774 2421 921 2463 sermone
943 2405 1086 2463 eluxisse
1101 2411 1190 2482 pute,
1208 2406 1265 2479 qui
1285 2406 1332 2463 ita
1353 2407 1524 2465 enuntiata

562 2520 807 2593 eonoinuarent,
829 2526 865 2579 ut
885 2521 1019 2594 potioris
1041 2522 1222 2581 sententiae
1243 2523 1320 2580 uim¹
1333 2523 1403 2581 loeo
1425 2528 1524 2596 atque

561 2635 756 2695 auetoritate
771 2652 960 2710 expressam
975 2637 1176 2711 exhiberent,
1190 2654 1265 2699 eum
1280 2638 1367 2711 apud
1382 2637 1524 2699 Graecos

562 2748 730 2835 ἡγεμονίαν,
748 2767 832 2825 quae
848 2753 1041 2827 appellatur,
1059 2752 1143 2811 aliae
1157 2759 1229 2828 post
1246 2754 1329 2811 alias
1343 2755 1524 2813 sententiae

562 2873 671 2941 partes
686 2866 829 2942 liberius
858 2863 1189 2927 oxe1·eerent'.'l'estis
1214 2874 1264 2926 est
1287 2868 1340 2926 ille
1366 2869 1525 2943 infinitivi

563 2984 650 3041 modi
676 3001 749 3041 curn
776 2984 957 3043 accusativo
981 3000 1070 3058 usus,
1095 2984 1152 3058 qui
1176 3000 1309 3059 prorsus
1330 2984 1436 3042 Latini
1459 3002 1524 3043 ser-

562 3099 668 3159 monis
690 3096 727 3176 (³)
751 3101 901 3175 proprius
927 3099 999 3159 fuit,
1023 3098 1096 3175 Qua
1120 3100 1253 3174 quidem
1277 3100 1312 3157 iu
1336 3116 1371 3158 re
1399 3102 1524 3176 positus

562 3219 612 3273 est
629 3219 813 3303 eontextus
840 3216 894 3271 illo
926 3216 1167 3291 verborumque
1194 3216 1396 3274 continuatio
1427 3217 1524 3274 huius

563 3418 722 3427 ...ψ’-..-

550 3546 553 3551 ’
604 3560 633 3611 (ll
648 3558 697 3601 Cir.
716 3571 739 3601 v.
760 3559 864 3611 Pinara,
886 3561 991 3601 Grauua.
1010 3561 1033 3601 d.
1049 3562 1096 3603 ost.
1114 3584 1122 3590 -
1140 3561 1202 3603 sarab.
1221 3560 1295 3609 hiat..
1315 3560 1348 3610 11,
1367 3564 1407 3602 47²
1426 3570 1478 3613 sqq.
1499 3582 1526 3591 ·-

563 3630 678 3684 Goswlr,
697 3631 743 3673 Tho
758 3632 823 3673 italie
837 3632 942 3680 dialecto,
957 3631 990 3684 ll,
1005 3634 1043 3674 sot
1058 3643 1111 3685 sqq.
1126 3656 1152 3665 -
1167 3633 1244 3684 Bucu,
1259 3634 1278 3674 A
1296 3634 1423 3675 Grammar
1439 3644 1485 3675 ose.
1501 3645 1523 3673 a.

563 3704 649 3752 ternos..
664 3716 688 3756 p,
703 3708 743 3745 214
757 3714 810 3756 sqq.
821 3726 846 3735 -
856 3703 933 3747 Nemo
948 3702 1027 3747 adhue
1041 3707 1192 3748 usturamet
1205 3704 1256 3747 risu
1265 3706 1412 3777 saliuncam
1421 3704 1485 3747 modi
1497 3705 1523 3747 lit

564 3774 671 3829 antiquis
685 3775 826 3818 Italicorum
840 3774 992 3829 populorum,
1007 3776 1033 3818 iu
1047 3776 1134 3830 primis
1143 3776 1294 3831 Latinorum,
1309 3776 1470 3830 sermonibus,
1484 3788 1535 3837 pe3

563 3846 630 3889 uitiis
645 3846 798 3901 perspexisse
812 3846 916 3890 vitietur.
1057 3843 1060 3850 '
1354 3883 1356 3886 .

604 3919 634 3971 (2)
648 3918 727 3961 Huius
742 3918 807 3961 modi
822 3918 957 3961 doctrinam
968 3919 1111 3979 praesertim
1122 3919 1254 3963 Diomedes
1264 3919 1335 3962 falsu
1346 3918 1525 3972 interpretatio-

564 3987 636 4033 nibus
650 3988 798 4043 ineertlsque
814 3988 951 4043 praeceptis
966 3989 1082 4032 turbat-lt.

605 4060 634 4113 (3)
649 4060 688 4107 Au
702 4059 783 4113 potius
799 4060 905 4103 omnium
920 4060 1062 4117 lulloorum
1077 4071 1215 4104 sermonum
1229 4060 1292 4103 boue
1310 4063 1457 4103 structurum
1471 4072 1515 4114 pro

563 4130 642 4185 priam
658 4142 711 4175 esso
722 4131 843 4175 dleltuus?
857 4132 905 4175 Ofr.
916 4132 975 4176 Tra.
987 4132 1060 4175 Burs.
1071 4135 1118 4175 5-6:
1133 4134 1249 4174 deluatur
1258 4134 1343 4174 aiom...
1353 4138 1489 4186 purermano
1498 4152 1525 4166 =

564 4202 607 4245 lat.
624 4203 685 4245 itu-et
699 4215 724 4245 sa
738 4204 863 4255 dimittere·
873 4204 932 4245 'Fla
943 4204 1020 4256 leue,
1035 4203 1080 4256 l'a,
1091 4206 1129 4246 25:
1146 4216 1185 4245 sue
1192 4205 1351 4256 praesilius-ent
1360 4206 1426 4246 rebte
1435 4206 1523 4263 literato

563 4284 606 4315 eru
619 4292 643 4307 ε
653 4274 696 4317 let.
711 4274 733 4315 si
748 4275 893 4315 decret-erint
906 4280 968 4316 reete
982 4281 1091 4317 eurotam
1105 4287 1163 4324 essu.

1332 4419 1360 4469 h
