3725 5442
963 694 1085 747 ,8-

541 876 667 945 cuerat,
684 871 906 931 infirmissima
920 884 991 930 esse
1006 871 1137 929 Brixins
1150 869 1198 947 (¹),
1212 870 1443 930 Reinhardtius
1455 869 1507 947 (²),

542 986 717 1063 Ussingius
731 983 779 1063 (³),
791 984 944 1045 Goetzius
952 984 989 1062 (⁴)
1001 987 1319 1045 demonstraverunt.
1330 985 1404 1044 Huc
1414 1002 1506 1060 prae·
1522 959 1524 962 V

542 1108 633 1161 terea
655 1102 792 1175 accedit,
810 1101 898 1175 quod
918 1118 974 1159 vu.
992 1102 1126 1161 363-370
1140 1119 1182 1159 ex
1197 1102 1354 1159 librorum
1368 1102 1506 1159 lectione

542 1218 723 1295 ltptbodtco,
748 1218 811 1276 aiio
832 1217 1000 1294 Megadori
1021 1234 1125 1291 servo,
1149 1218 1204 1275 vel
1228 1217 1336 1292 potius
1358 1218 1503 1292 atriensi,

544 1334 744 1407 tribuuntur,
761 1334 855 1391 cuius
876 1350 1035 1407 personae
1049 1335 1140 1392 nulia
1154 1350 1294 1408 usquam
1309 1334 1375 1391 alia
1395 1334 1458 1391 hao
1471 1332 1506 1391 in

542 1450 655 1508 fabula
663 1451 699 1507 iit
708 1451 840 1508 mentio.
852 1450 977 1525 Quibus
988 1451 1086 1509 rebus
1096 1451 1276 1525 perpensis
1285 1449 1459 1526 Ussingius
1468 1447 1504 1526 (⁵)

543 1582 660 1625 verum
674 1582 793 1625 nomen
808 1565 984 1641 Lyconidis
1003 1582 1098 1625 servo
1113 1567 1338 1641 quaerendum
1352 1572 1384 1625 et
1397 1566 1507 1644 Mega-

542 1682 615 1740 dori
626 1681 761 1741 Strobtto
775 1698 831 1740 vv.
845 1683 980 1741 363-370
990 1682 1225 1741 adiudicandos
1236 1698 1307 1740 esse
1318 1682 1503 1740 affirmavit.

542 1795 608 1855 Sed
629 1796 782 1857 Goetzius
801 1794 837 1874 (ὃ)
860 1798 966 1856 eidem
987 1814 1093 1871 servo,
1110 1797 1167 1872 qui
1188 1798 1346 1871 superiori
1367 1814 1506 1856 scaenae

543 1912 739 1988 interfuerit,
763 1914 795 1973 ΙΙ
815 1896 918 1972 Actus
942 1914 1005 1974 VII
1029 1914 1175 1973 Scaenae
1201 1929 1317 1971 versus
1339 1913 1506 1989 adsignari

544 2028 634 2087 nullo
659 2030 754 2088 modo
774 2046 869 2105 posse
897 2035 1020 2102 censet,
1043 2035 1143 2104 atque
1163 2030 1197 2088 id
1218 2045 1341 2087 novum
1361 2028 1506 2087 firmissi-

544 2159 699 2219 mumque
720 2145 899 2203 arbitratur
920 2161 991 2203 esse
1012 2150 1338 2222 argumentumque
1359 2145 1444 2202 bano
1459 2145 1506 2202 fa·

543 2261 655 2319 bulam
678 2263 882 2318 retractatam
907 2277 979 2319 esse
1006 2262 1161 2336 probetur
1182 2259 1231 2337 (⁷).
1256 2258 1337 2319 Oum
1360 2260 1448 2318 enim
1471 2260 1506 2318 in

543 2376 651 2453 priore
672 2376 860 2435 recensione
881 2377 1048 2452 Megadori
1069 2392 1164 2435 servo
1177 2377 1371 2453 Pytbodtcas
1388 2392 1506 2434 nomen

544 2497 630 2550 esset
657 2492 757 2565 idque
781 2497 977 2549 retractator
996 2492 1030 2550 in
1052 2490 1227 2550 Strobilum
1248 2496 1417 2564 mutasset,
1440 2507 1507 2549 non

545 2612 638 2665 tanta
659 2607 829 2684 diligentia
843 2608 931 2665 huno
945 2624 1042 2666 usum
1056 2624 1127 2666 esse
1142 2608 1327 2681 suspicatur
1341 2606 1504 2680 Goetzius,

545 2730 581 2783 ut
602 2724 701 2782 etiam
722 2729 795 2797 post
815 2740 847 2781 v.
866 2723 925 2781 362
946 2723 1001 2781 vel
1020 2723 1102 2782 iliud
1116 2740 1235 2783 nomen
1250 2724 1439 2782 emendaret
1453 2722 1507 2781 vel

545 2840 652 2915 potius
666 2854 722 2898 vv.
737 2841 870 2898 363-370
884 2839 1016 2898 omnino
1027 2840 1159 2913 deleret,
1173 2839 1236 2898 nisi
1248 2838 1330 2897 forte
1342 2839 1376 2897 hi
1390 2854 1506 2897 versus

544 2972 588 3014 ex
609 2956 712 3015 altera
734 2956 922 3015 recensione
948 2956 1070 3031 sumpti
1094 2956 1198 3015 serius
1220 2955 1322 3014 additi
1344 2955 1419 3013 sint.
1443 2952 1507 3012 Sed

596 3186 615 3238 1)
629 3184 655 3228 in
670 3185 827 3227 Srununsusor
842 3185 909 3227 Sta-st.
924 3183 945 3238 1,
961 3188 1007 3228 109.

595 3256 616 3307 2)
630 3255 655 3297 iu
671 3254 777 3297 Srunnu.
793 3256 860 3297 Stati.
875 3254 908 3297 ib.

595 3327 616 3378 e)
630 3325 662 3379 11,
678 3329 725 3368 arr.

595 3399 616 3449 4)
631 3398 682 3438 Aet.
697 3398 747 3439 Soc.
759 3396 844 3449 philol.
860 3397 926 3450 Lips.
942 3396 983 3448 VI,
998 3400 1038 3439 til
1052 3408 1089 3449 sq.

586 3469 616 3521 (5)
631 3468 663 3521 ΙΙ,
678 3468 725 3510 275.
741 3467 822 3511 Sensit
837 3468 911 3511 etiarn
920 3467 1053 3522 Usstngius
1067 3470 1100 3522 (p.
1111 3468 1222 3520 titillari
1232 3480 1280 3512 non
1288 3468 1397 3523 potuisse
1407 3473 1434 3513 nt
1443 3472 1507 3524 quod

585 3186 593 3238 (

585 3256 593 3306 (

586 3327 594 3379 i

586 3398 594 3449 (

545 3540 611 3584 idern
625 3538 712 3582 histrio
726 3538 851 3592 utriusque
867 3538 931 3582 servi
947 3542 1028 3593 partes
1042 3543 1136 3593 ageret,
1150 3540 1252 3583 Plautus
1268 3543 1396 3593 utrumque
1410 3552 1519 3585 servum·

544 3612 630 3655 eodem
644 3610 742 3654 nomine
756 3610 925 3664 appellaverit.

488 3722 498 3739 ,
586 3684 616 3737 (a)
630 3682 676 3725 lit.
692 3683 784 3733 suisli„
799 3694 823 3735 p.
838 3682 908 3725 r111:
922 3682 1034 3736 Namque
1051 3682 1073 3726 si
1092 3682 1223 3727 statuimus
1241 3692 1272 3725 ex
1290 3682 1417 3726 Euclionis
1436 3684 1507 3728 domo

545 3766 601 3798 curn
616 3754 683 3798 exire
698 3776 723 3784 --
738 3754 801 3806 quod
816 3754 941 3797 dissuadet
951 3766 974 3795 v.
985 3757 1024 3796 titii
1034 3777 1060 3785 -
1074 3754 1156 3796 dicero
1166 3753 1261 3796 debuit:
1276 3767 1289 3791 «
1303 3764 1348 3807 ego
1362 3754 1507 3799 intervisam

547 3825 604 3879 quid
615 3825 708 3868 faciant
721 3824 816 3868 nostri
832 3825 902 3879 coqui
913 3836 933 3874 »ς
945 3829 1000 3878 post
1013 3837 1037 3867 v.
1048 3829 1087 3867 363
1097 3836 1152 3868 eum
1166 3824 1192 3866 ln
1206 3824 1289 3877 platea
1302 3826 1450 3870 remansisse
1466 3826 1507 3880 qni

546 3899 633 3952 putant
646 3896 708 3939 illud
722 3911 735 3935 s
749 3900 832 3939 curate
846 3910 859 3935 s
874 3908 920 3939 non
937 3896 1093 3949 intellegent:
1108 3908 1139 3940 ex
1148 3896 1275 3950 Megadori
1286 3896 1389 3951 deniqne
1400 3898 1441 3950 qui
1455 3909 1508 3953 pro

545 3968 697 4021 gredientem
714 3967 807 4011 iaciunt
821 3967 861 4011 vel
876 3966 981 4011 maiores
995 3968 1080 4011 turbas
1094 3966 1211 4012 excitant.

586 4040 616 4091 (i)
631 4039 698 4081 ibit„-
712 4038 761 4081 Diu
775 4042 812 4082 est
827 4050 857 4081 ex
871 4050 917 4093 quo
932 4038 964 4082 ad
978 4039 1177 4083 retractationem
1185 4038 1249 4082 hanc
1260 4051 1311 4082 rem
1325 4041 1436 4093 spectare
1447 4038 1507 4088 mihi

546 4109 648 4152 videbar
660 4108 821 4161 intellexisse,
837 4120 909 4162 quarn
928 4109 1092 4163 suspicionem
1111 4110 1147 4153 eis
1166 4122 1228 4164 quse
1246 4112 1317 4154 modo
1337 4111 1388 4153 dixi
1407 4111 1507 4164 egregie

545 4179 685 4224 confirmari
700 4190 799 4223 conseo:
820 4182 883 4234 quod
902 4187 981 4224 tamea
999 4183 1128 4233 Lyconidis
1147 4184 1210 4224 ser-et
1228 4194 1314 4224 nomen
1332 4182 1459 4224 sollicitavi
1473 4183 1507 4225 eis

546 4263 607 4304 quae
621 4252 692 4293 attali
706 4252 834 4305 refutatur.
